@article{lafferty2001conditional,
  title={Conditional random fields: Probabilistic models for segmenting and labeling sequence data},
  author={Lafferty, John and McCallum, Andrew and Pereira, Fernando CN},
  year={2001}
}

@article{quattoni2007hidden,
  title={Hidden conditional random fields},
  author={Quattoni, Ariadna and Wang, Sybor and Morency, Louis-Philippe and Collins, Michael and Darrell, Trevor},
  journal={IEEE transactions on pattern analysis and machine intelligence},
  volume={29},
  number={10},
  pages={1848},
  year={2007},
  publisher={IEEE INSTITUTE OF ELECTRICAL AND ELECTRONICS}
}

@article{cortes1995support,
  title={Support-vector networks},
  author={Cortes, Corinna and Vapnik, Vladimir},
  journal={Machine learning},
  volume={20},
  number={3},
  pages={273--297},
  year={1995},
  publisher={Springer}
}

@inproceedings{lathia2013open,
  title={Open source smartphone libraries for computational social science},
  author={Lathia, Neal and Rachuri, Kiran and Mascolo, Cecilia and Roussos, George},
  booktitle={Proc of the 2013 ACM conference on Pervasive and ubiquitous computing adjunct publication},
  pages={911--920},
  year={2013},
  organization={ACM}
}

@incollection{pejovik2014anticipatory,
  title={Anticipatory Mobile Computing for Behaviour Change Interventions},
  author={Pejovic, Veljko and Musolesi, Mirco},
  booktitle={UbiComp 2014: Ubiquitous Computing},
  year={2014},
  publisher={Springer}
}

@inproceedings{abdullah2012towards,
  title={Towards Population Scale Activity Recognition: A Framework for Handling Data Diversity.},
  author={Abdullah, Saeed and Lane, Nicholas D and Choudhury, Tanzeem},
  booktitle={AAAI},
  year={2012}
}

@article{he2013physical,
  title={Physical Activity Recognition Utilizing the Built-In Kinematic Sensors of a Smartphone},
  author={He, Yi and Li, Ye},
  journal={Inter Journal of Distributed Sensor Networks},
  volume={2013},
  year={2013},
  publisher={Hindawi Publishing Corporation}
}

@inproceedings{lane2011bewell,
  title={Bewell: A smartphone application to monitor, model and promote wellbeing},
  author={Lane, Nicholas D and Mohammod, Mashfiqui and Lin, Mu and Yang, Xiaochao and Lu, Hong and Ali, Shahid and Doryab, Afsaneh and Berke, Ethan and Choudhury, Tanzeem and Campbell, Andrew},
  booktitle={5th Inter ICST Conf on Pervasive Computing Technologies for Healthcare},
  pages={23--26},
  year={2011}
}

@article{fox1999influence,
  title={The influence of physical activity on mental well-being},
  author={Fox, Kenneth R},
  journal={Public health nutrition},
  volume={2},
  number={3a},
  pages={411--418},
  year={1999},
  publisher={Cambridge Univ Press}
}

@article{paffenbarger1986physical,
  title={Physical activity, all-cause mortality, and longevity of college alumni},
  author={Paffenbarger Jr, Ralph S and Hyde, Robert and Wing, Alvin L and Hsieh, Chung-Cheng},
  journal={New England journal of medicine},
  volume={314},
  number={10},
  pages={605--613},
  year={1986},
  publisher={Mass Medical Soc}
}

@inproceedings{lockhart2014limitations,
  title={Limitations with activity recognition methodology \& data sets},
  author={Lockhart, Jeffrey W and Weiss, Gary M},
  booktitle={Proceedings of the 2014 ACM International Joint Conference on Pervasive and Ubiquitous Computing: Adjunct Publication},
  pages={747--756},
  year={2014},
  organization={ACM}
}

@inproceedings{chon2011mobility,
  title={Mobility prediction-based smartphone energy optimization for everyday location monitoring},
  author={Chon, Yohan and Talipov, Elmurod and Shin, Hyojeong and Cha, Hojung},
  booktitle={Proc of the 9th conf on embedded networked sensor systems},
  pages={82--95},
  year={2011},
  organization={ACM}
}

@inproceedings{likamwa2011can,
  title={Can your smartphone infer your mood?},
  author={LiKamWa, Robert and Liu, Yunxin and Lane, Nicholas D and Zhong, Lin},
  booktitle={PhoneSense workshop},
  year={2011}
}

@inproceedings{do2011groupus,
  title={Groupus: Smartphone proximity data and human interaction type mining},
  author={Do, Trinh Minh Tri and Gatica-Perez, Daniel},
  booktitle={ISWC, 2011 15th Annual Inter Symposium on},
  pages={21--28},
  year={2011},
  organization={IEEE}
}

@book{steinwart2008support,
  title={Support vector machines},
  author={Steinwart, Ingo and Christmann, Andreas},
  year={2008},
  publisher={Springer}
}

@article{rabiner1989tutorial,
  title={A tutorial on hidden Markov models and selected applications in speech recognition},
  author={Rabiner, Lawrence},
  journal={Proceedings of the IEEE},
  volume={77},
  number={2},
  pages={257--286},
  year={1989},
  publisher={IEEE}
}

@article{sutton2006introduction,
  title={An introduction to conditional random fields for relational learning},
  author={Sutton, Charles and McCallum, Andrew},
  journal={Introd to statistical relational learning},
  pages={93--128},
  year={2006},
  publisher={MIT press}
}
